@article{1,
    author =       "B. Fogg and J. Marshall and O. Laraki and A. Osipovich and C. Varma and N. Fang and J. Paul and A. Rangnekar and J. Shon and P. Swani and M. Treinen",
    title =        "What Makes Web Sites Credible? A Report on a Large Quantitative Study",
    journal =      "CHI 2001 Conference on Human Factors and Computing",
    volume =       "3",
    number =       "1",
    %pages =        "891--921",
    year =         "2001",
    %DOI =          "http://dx.doi.org/10.1002/andp.19053221004"
}

@article{2,
    author =       "B. Kracher and C. Corritore and S. Wiedenbeck",
    title =        "An Editorial on Trust and Technology",
    journal =      "International Journal on Human-Computer Studies",
    volume =       "58",
    number =       "5",
    %pages =        "891--921",
    year =         "2003",
    %DOI =          "http://dx.doi.org/10.1002/andp.19053221004"
}

@article{3,
    author =       "C. Wickens",
    title =        "Multiple resources and performance prediction",
    journal =      "Theoretical Issues in Ergonomics Science",
    volume =       "3",
    number =       "2",
    pages =        "159--177",
    year =         "2002",
    %DOI =          "http://dx.doi.org/10.1002/andp.19053221004"
}

@article{4,
    author =       "C. Wickens and S. Dixon",
    title =        "Human machine interface analysis of unmanned vehicle systems",
    journal =      "University of Illinois, Institute of Aviation",
    %volume =       "3",
    %number =       "2",
    %pages =        "159--177",
    year =         "2006",
}

@article{5,
    author =       "D. Olsen and M. Goodrich",
    title =        "Metrics for Evaluating Human-Robot Interactions",
    journal =      "Brigham Young University, Utah",
    %volume =       "3",
    %number =       "2",
    %pages =        "159--177",
    year =         "2008",
}

@article{6,
    author =       "E. Visser and B. Kidwell and J. Payne and L. Lu and J. Parker and N. Brooks and T. Chabuk and S. Spriggs and A. Freedy and P. Scerri and R. Parasuraman",
    title =        "Best of Both Worlds: Design and Evaluation of an Adaptive Delegation Interface",
    journal =      "Proceedings of the Human Factors and Ergonomics Society Annual Meeting",
    volume =       "57",
    number =       "1",
    pages =        "255--259",
    year =         "2013",
}

@article{7,
    author =       "F. Driewer and H. Baier and K. Schilling",
    title =        "Robot-human rescue teams: a user requirement analysis",
    journal =      "Advanced Robotics",
    volume =       "19",
    number =       "8",
    pages =        "819--839",
    year =         "2005",
}

@article{8,
    author =       "G. Jones and N. Berthouze and R. Bielski and S. Julier",
    title =        "Towards a Situated Multimodal Interface for Multiple UAV Control",
    journal =      "In Proceedings of IEEE Int Conference on Robotics and Automation",
    %volume =       "3",
    %number =       "2",
    pages =        "1739--1745",
    year =         "2010",
}

@article{9,
    author =       "I. Low",
    title =        "A Tool for the Assessment of the Impact of Charge in Automated ATM Systems on Mental Workload",
    journal =      "European Air Traffic Management, Brussels",
    %volume =       "3",
    %number =       "2",
    %pages =        "159--177",
    year =         "2004",
}

@article{10,
    author =       "J. Bloom",
    title =        "Unmanned Aerial Systems: A Historical Perspective",
    journal =      "Combat Studies Institute Press, US Army Combined Arms Center",
    %volume =       "3",
    %number =       "2",
    %pages =        "159--177",
    year =         "2010",
}

@article{11,
    author =       "J. Drury and L. Riek and A. Christiansen and Z. Eyler-Walker and A. Maggi and D. Smith",
    title =        "Evaluating Human-Robot Interaction in Search and Rescue Context",
    journal =      "In Proceedings of Performance Metrics for Intelligent Systems",
    %volume =       "3",
    %number =       "2",
    %pages =        "159--177",
    year =         "2003",
}

@article{12,
    author =       "J. Drury and J. Richer and N. Rackliffe",
    title =        "Comparing Situational Awareness for Two Unmanned Aerial Vehicle Human Interface Approaches",
    journal =      "In Proceedings of the IEEE International Workshop on Safety, Security, and Rescue Robotics",
    %volume =       "3",
    %number =       "2",
    %pages =        "159--177",
    year =         "2006",
}

@article{13,
    author =       "J. Engel and J. Sturm and D. Cremers",
    title =        "Accurate Figure Flying with a Quadrocopter Using On-board Visual and Inertial Sensing",
    journal =      "In Proceedings of the Workshop on Visual Control of Mobile Robots (ViCoMoR), IROS",
    %volume =       "3",
    %number =       "2",
    %pages =        "159--177",
    year =         "2012",
}

@article{14,
    author =       "J. Engel and J. Sturm and D. Cremers",
    title =        "Camera-Based Navigation of a Low-Cost Quadrocopter",
    journal =      "In Proceedings of the IEEE/RSJ International Conference on Intelligent Robots and Systems",
    %volume =       "3",
    %number =       "2",
    %pages =        "159--177",
    year =         "2012",
}

@article{15,
    author =       "J. Engel and J. Sturm and D. Cremers",
    title =        "Scale-Aware Navigation of a Low-Cost Quadrucopter with a Monocular Camera",
    journal =      "Robotics and Autonomous Systems",
    %volume =       "3",
    %number =       "2",
    %pages =        "159--177",
    year =         "2011",
}

@article{16,
    author =       "J.F. Keane and S.S. Carr",
    title =        "A Brief History of Early Unmanned Aircraft",
    journal =      "John Hopkins APL Technical Digest",
    volume =       "32",
    number =       "3",
    %pages =        "159--177",
    year =         "2013",
}

@article{17,
    author =       "J. Lee and K. See",
    title =        "Trust in Automation: Designing for Appropriate Reliance",
    journal =      "Human Factors",
    volume =       "46",
    number =       "1",
    %pages =        "159--177",
    year =         "2004",
}

@article{18,
    author =       "J. Scholtz and J. Young and J. Drury and H. Yanco",
    title =        "Evaluation of human-robot interaction awareness in search and rescue",
    journal =      "IEEE/ICRA'04 International Conference on Robotics and Automation",
    volume =       "3",
    %number =       "3",
    %pages =        "159--177",
    year =         "2004",
}

@article{19,
    author =       "K. Williams",
    title =        "A summary of unmanned aircraft accident/indicent data: Human factors implications",
    journal =      "Technical report DOT/FAA/AM-04/24",
    %volume =       "32",
    %number =       "3",
    %pages =        "159--177",
    year =         "2004",
}

@inbook{20,
	author	= "L. Bainbridge",
	editor	= "J. Rasmussen and K. Duncan and J. Leplat",
	title	= "New technology and human error",
	chapter	= "Ironies of automation",
	pages	= "271--283",
	publisher= "Wiley",
	%volume	= "",
	%number	= "",
	%series	= "",
	%type	= "",
	address= "New York",
	%edition= "",
	year	= "1987",
	%month	= "",
	%note	= "",
}

@article{21,
    author =       "M. Achtelik and T. Zhang and K. Kuhnlenz and M. Buss",
    title =        "Visual Tracking of a Quadcopter Using a Stereo Camera System and Inertial Sensors",
    journal =      "In Proceedings of the IEEE International Conference on Mechatronics and Automation",
    %volume =       "32",
    %number =       "3",
    %pages =        "159--177",
    year =         "2009",
}

@article{22,
    author =       "M. Baker and R. Casey and B. Keys and H.A. Yanko",
    title =        "Improved Interfaces for Human-Robot Interaction in Urban Search and Rescue",
    journal =      "In Proceedings of the IEEE International Conference on Systems, Man and Cybernetics",
    %volume =       "32",
    %number =       "3",
    %pages =        "159--177",
    year =         "2004",
}

@article{23,
    author =       "M. Bernard and K. Kondak and I. Maza and A. Olero",
    title =        "Autonomous Transportation and Deployment with Aerial Robots for Search and Rescue Missions",
    journal =      "Journal of Field Robotics",
    volume =       "28",
    number =       "6",
    pages =        "914--931",
    year =         "2011",
}

@article{24,
    author =       "M. Lam and M. Mulder and M. Van Passen",
    title =        "Haptic Interface for UAV Collision Avoidance",
    journal =      "International Journal on Aviation Psychology",
    volume =       "17",
    number =       "2",
    pages =        "167--195",
    year =         "2007",
}

@article{25,
    author =       "M. Quigley and M.A. Goodrich and R.W. Beard",
    title =        "Semi Autonomous Human-UAV Interfaces for Fixed-Wing Mini UAVs",
    journal =      "In Proceedings of the Intelligent Robots and Systems",
    %volume =       "28",
    %number =       "6",
    %pages =        "914--931",
    year =         "2004",
}

@inbook{26,
	author	= "M.R. Endsley",
	editor	= "M.R. Endsley and D.J. Garland",
	title	= "Situation Awareness Analysis and Measurement",
	chapter	= "Theoretical Underpinnings of Situational Awareness: a Critical Reivew",
	%pages	= "271--283",
	publisher= "Lawrence Erlbaum Associates",
	%volume	= "",
	%number	= "",
	%series	= "",
	%type	= "",
	address= "Mahwah, NJ",
	%edition= "",
	year	= "2000",
	%month	= "",
	%note	= "",
}

@article{27,
    author =       "M. Saska and T. Krajnik and J. Faigl and V. Vonasek and L. Preucil",
    title =        "Low cost MAV platform AR drone in experimental verifications of methods for vision based autonomous navigation",
    journal =      "International Conference on Autonomous Robots and Systems",
    %volume =       "28",
    %number =       "6",
    %pages =        "914--931",
    year =         "2012",
}

@article{28,
    author =       "R. Murphy",
    title =        "Proposals for new UGV, UMV, UAV, and HRI Standards for Rescue Robots",
    journal =      "In Proceedings of the 10th Performance Metrics for Intelligent Systems Workshop",
    %volume =       "28",
    %number =       "6",
    %pages =        "9--13",
    year =         "2010",
}

@article{29,
    author =       "S. Hart and L. Staveland",
    title =        "Development of NASA-TLX (Task Load Index): Results of Empirical and Theoretical Research",
    journal =      "Human Mental Workload",
    volume =       "1",
    number =       "3",
    %pages =        "914--931",
    year =         "1988",
}

@inbook{30,
	author	= "V. Riley",
	editor	= "M. Mouloua and R. Parasuraman",
	title	= "Human performance in automated systems: recent research and trends",
	chapter	= "A theory of operator reliance on automation",
	%pages	= "271--283",
	publisher= "Lawrence Erlbaum Associates",
	%volume	= "",
	%number	= "",
	%series	= "",
	%type	= "",
	address= "Hillsdale, New Jersey",
	%edition= "",
	year	= "1994",
	%month	= "",
	%note	= "",
}


@article{31,
    author =       "W. Wang",
    title =        "Human navigaton performance using 6-DOF dynamic viewpoint tethering in virtual environments",
    journal =      "University of Toronto",
    %volume =       "28",
    %number =       "6",
    %pages =        "914--931",
    year =         "2004",
}

@article{32,
    author =       "Y. Nevatia and T. Stoyanov and R. Rathnam and M. Pfingsthorn and S. Markov and R. Ambrus and A. Birk",
    title =        "Augumented Autonomy: Improving Human Robot Team Performance in Urban Search and Rescue",
    journal =      "IEEE/RSJ International Conference on Intelligent Robots and Systems",
    %volume =       "28",
    %number =       "6",
    %pages =        "914--931",
    year =         "2008",
}
@article{33,
    author =       "Robin Murphy",
    title =        "From Teleoperation to Autonomy",
    journal =      "Introduction to AI Robotics",
    %volume =       "28",
    %number =       "6",
    %pages =        "914--931",
    year =         "2000",
}
@article{34,
    author =       "Endsley M. R.",
    title =        "Measurement of situation awareness in dynamic systems",
    journal =      "Human Factors",
    %volume =       "28",
    %number =       "6",
    %pages =        "914--931",
    year =         "1995",
}
@article{35,
    author =       "R. Pierce and T. Strybel and K.P. Vu",
    title =        "Comparing Situation Awareness Measurement Techniques in a Low Fidelity Air Traffic Control Simulation",
    journal =      "ICAS 2008, 26th International Congress of the Aeronautical Sciences",
    %volume =       "28",
    %number =       "6",
    %pages =        "914--931",
    year =         "2008",
}
@article{36,
    author =       "R. M. Taylor",
    title =        "Situational Awareness Rating Technique SART: The development of a tool for aricrew system design",
    journal =      "Situational Awareness in Aerospace Operations",
    %volume =       "28",
    %number =       "6",
    %pages =        "914--931",
    year =         "1990",
}
@article{37,
    author =       "Bruce Sterling and Chuck Perala",
    title =        "Workload, Stress, and Situational Awareness of Soldiers who are Controlling Unmanned Vehicles in Future Urban Operations",
    journal =      "Army Research Laboratory",
    %volume =       "28",
    %number =       "6",
    %pages =        "914--931",
    year =         "2007",
}
